@misc{repository,
howpublished = {\url{https://github.com/mattia-toffolon/QAP}}
}

@book{python, 
  title={Python tutorial}, 
  author={Van Rossum, Guido and Drake Jr, Fred L}, 
  year={1995}, 
  publisher={Centrum voor Wiskunde en Informatica Amsterdam, The Netherlands} 
}

@report{salvagnin1,
	author	= {Salvagnin, Domenico},
	title= {Cenni di Programmazione Lineare Intera},
	institution = {Università degli Studi di Padova},
	year= {2020}
}

@report{salvagnin2,
	author	= {Salvagnin, Domenico},
	title= {Introduzione all'ottimizzazione discreta},
	institution = {Università degli Studi di Padova},
	year= {2018}
}

@article{10.2307/1910129,
 ISSN = {00129682, 14680262},
 URL = {http://www.jstor.org/stable/1910129},
 author = {A. H. Land and A. G. Doig},
 journal = {Econometrica},
 number = {3},
 pages = {497--520},
 publisher = {[Wiley, Econometric Society]},
 title = {An Automatic Method of Solving Discrete Programming Problems},
 volume = {28},
 year = {1960}
}

@article{PADBERG19871,
title = {Optimization of a 532-city symmetric traveling salesman problem by branch and cut},
journal = {Operations Research Letters},
volume = {6},
number = {1},
pages = {1-7},
year = {1987},
issn = {0167-6377},
doi = {https://doi.org/10.1016/0167-6377(87)90002-2},
url = {https://www.sciencedirect.com/science/article/pii/0167637787900022},
author = {M. Padberg and G. Rinaldi}
}

@article{SAHNI1976,
  author          = {Sartaj Sahni and Teofilo Gonzalez},
  journal         = {Journal of the ACM},
  number          = {3},
  title           = {P-complete approximation problems},
  url = {https://www.researchgate.net/publication/220432228_P-complete_approximation_problems_J_ACM_233_555-565},
  volume          = {23},
  year            = {1976},
  pages = {555--565},
  doi = {10.1145/321958.321975}
}